<?xml version="1.0" encoding="UTF-8"?><record xmlns="http://www.loc.gov/MARC21/slim" xmlns:cinclude="http://apache.org/cocoon/include/1.0" xmlns:zs="http://www.loc.gov/zing/srw/">
  <leader>01731cz  a2200205n  4500</leader>
  <controlfield tag="001">n 2010083429</controlfield>
  <controlfield tag="003">DLC</controlfield>
  <controlfield tag="005">20150505145913.0</controlfield>
  <controlfield tag="008">101230n| azannaabn          |n aaa      </controlfield>
  <datafield tag="010" ind1=" " ind2=" ">
    <subfield code="a">n 2010083429</subfield>
    <subfield code="z">n  88671612 </subfield>
  </datafield>
  <datafield tag="040" ind1=" " ind2=" ">
    <subfield code="a">DLC</subfield>
    <subfield code="b">eng</subfield>
    <subfield code="e">rda</subfield>
    <subfield code="c">DLC</subfield>
    <subfield code="d">DLC</subfield>
  </datafield>
  <datafield tag="100" ind1="1" ind2=" ">
    <subfield code="a">Zayas, Luis H.</subfield>
  </datafield>
  <datafield tag="370" ind1=" " ind2=" ">
    <subfield code="a">Coamo (P.R.)</subfield>
    <subfield code="f">Austin (Tex.)</subfield>
    <subfield code="2">naf</subfield>
  </datafield>
  <datafield tag="374" ind1=" " ind2=" ">
    <subfield code="a">College teachers</subfield>
    <subfield code="2">lcsh</subfield>
  </datafield>
  <datafield tag="375" ind1=" " ind2=" ">
    <subfield code="a">male</subfield>
  </datafield>
  <datafield tag="377" ind1=" " ind2=" ">
    <subfield code="a">eng</subfield>
  </datafield>
  <datafield tag="378" ind1=" " ind2=" ">
    <subfield code="q">Luis Hemino</subfield>
  </datafield>
  <datafield tag="670" ind1=" " ind2=" ">
    <subfield code="a">Latinas attempting suicide, 2011:</subfield>
    <subfield code="b">ECIP t.p. (Luis H. Zayas) data view (Shanti K. Khinduka Distinguished Professor, Director, Center for Latino Family Research, George Warren Brown School of Social Work, Professor of Psychiatry, School of Medicine, Washington University in St. Louis)</subfield>
  </datafield>
  <datafield tag="670" ind1=" " ind2=" ">
    <subfield code="a">nuc88-119844: His An exploratory longitudinal study of ... 1986</subfield>
    <subfield code="b">(hdg. on NNC-T rept.: Zayas, Luis Herminio; usage: Luis Hermino Zayas)</subfield>
  </datafield>
  <datafield tag="670" ind1=" " ind2=" ">
    <subfield code="a">University of Texas at Austin, School of Social Work, May 5, 2015</subfield>
    <subfield code="b">(Luis H. Zayas, Ph.D.; Luis H. Zayas was appointed as Dean of the School of Social Work in January 2012.  Before joining UT Austin, Zayas was the inaugural Shanti K. Khinduka Distinguished Professor of Social Work and Professor of Psychiatry at Washington University in St. Louis.  During his nearly ten years at Washington University, Zayas held the post of Associate Dean for Faculty from 2005-2007 and founded the Center for Latino Family Research in 2007. Born in Coamo, Puerto Rico, Zayas attended college and graduate school in New York City.  In a social work career spanning 35 years, Zayas has cross-walked clinical practice, supervision, administration, and research, etc. Site includes cv with list of publications)</subfield>
    <subfield code="u">https://socialwork.utexas.edu/directory/zayas/</subfield>
  </datafield>
</record>